<collection xmlns="http://www.loc.gov/MARC21/slim">
<record>
  <leader>01159nam0a2200253 i 450 </leader>
  <controlfield tag="001">IT\ICCU\CNCE\003286</controlfield>
  <controlfield tag="005">19990111000000.0</controlfield>
  <datafield tag="012" ind1=" " ind2=" ">
    <subfield code="a">a.ia toue toue toue (C) 1530 (Q)</subfield>
    <subfield code="2">fei</subfield>
  </datafield>
  <datafield tag="100" ind1=" " ind2=" ">
    <subfield code="a">19970101f1530        0itac0103    ba</subfield>
  </datafield>
  <datafield tag="101" ind1=" " ind2=" ">
    <subfield code="a">ITA</subfield>
  </datafield>
  <datafield tag="102" ind1=" " ind2=" ">
    <subfield code="a">IT</subfield>
  </datafield>
  <datafield tag="200" ind1="1" ind2=" ">
    <subfield code="a">℗L&apos;℗assedio di Pauia con la rotta et presa del re christianissimo MCCCCCXXV</subfield>
  </datafield>
  <datafield tag="210" ind1=" " ind2=" ">
    <subfield code="a">\Venezia!</subfield>
    <subfield code="c">per Giouan Andrea Vauassori ditto Guadagnino</subfield>
    <subfield code="d">\1530?!</subfield>
  </datafield>
  <datafield tag="215" ind1=" " ind2=" ">
    <subfield code="a">\4! c.</subfield>
    <subfield code="d">4ʻ</subfield>
  </datafield>
  <datafield tag="620" ind1=" " ind2=" ">
    <subfield code="a">IT</subfield>
    <subfield code="d">Venezia</subfield>
  </datafield>
  <datafield tag="712" ind1="0" ind2="0">
    <subfield code="a">Valvassori, Giovanni Andrea</subfield>
    <subfield code="3">IT\ICCU\CNCT\000431</subfield>
    <subfield code="4">650</subfield>
  </datafield>
  <datafield tag="791" ind1="0" ind2="0">
    <subfield code="a">Vavassor, Ioannes Andreas</subfield>
    <subfield code="3">IT\ICCU\CNCT\004148</subfield>
    <subfield code="z">Valvassori, Giovanni Andrea</subfield>
  </datafield>
  <datafield tag="791" ind1="0" ind2="0">
    <subfield code="a">Guadagninus de Vavassoribus, Ioannes Andreas</subfield>
    <subfield code="3">IT\ICCU\CNCT\005847</subfield>
    <subfield code="z">Valvassori, Giovanni Andrea</subfield>
  </datafield>
  <datafield tag="791" ind1="0" ind2="0">
    <subfield code="a">Vavassore, Guadagnino di</subfield>
    <subfield code="3">IT\ICCU\CNCT\005848</subfield>
    <subfield code="z">Valvassori, Giovanni Andrea</subfield>
  </datafield>
  <datafield tag="791" ind1="0" ind2="0">
    <subfield code="a">Vavassori, Giovan Andrea</subfield>
    <subfield code="3">IT\ICCU\CNCT\005849</subfield>
    <subfield code="z">Valvassori, Giovanni Andrea</subfield>
  </datafield>
  <datafield tag="791" ind1="0" ind2="0">
    <subfield code="a">Valvassore, Giovanni Andrea</subfield>
    <subfield code="3">IT\ICCU\CNCT\005850</subfield>
    <subfield code="z">Valvassori, Giovanni Andrea</subfield>
  </datafield>
  <datafield tag="801" ind1=" " ind2="3">
    <subfield code="a">IT</subfield>
    <subfield code="b">ICCU</subfield>
    <subfield code="c">20201113</subfield>
  </datafield>
  <datafield tag="899" ind1=" " ind2=" ">
    <subfield code="a">Biblioteca universitaria. Pavia</subfield>
    <subfield code="1">PV0291</subfield>
    <subfield code="2">MIL UP</subfield>
  </datafield>
  <datafield tag="899" ind1=" " ind2=" ">
    <subfield code="a">British Library. London</subfield>
    <subfield code="1">UK0001</subfield>
  </datafield>
</record>
</collection>
